<record><leader>00000cas a2200000 a 4500</leader><controlfield tag="001">45355351</controlfield><controlfield tag="008">001115d19211922kyuwr ne      0    0eng c</controlfield><datafield ind1=" " ind2=" " tag="010"><subfield code="a">   00221951 </subfield></datafield><datafield ind1=" " ind2=" " tag="040"><subfield code="a">ATL</subfield><subfield code="b">eng</subfield><subfield code="c">ATL</subfield><subfield code="d">OCL</subfield><subfield code="d">OCLCQ</subfield><subfield code="d">OCLCF</subfield><subfield code="d">OCLCO</subfield></datafield><datafield ind1="1" ind2=" " tag="029"><subfield code="a">AU@</subfield><subfield code="b">000022105438</subfield></datafield><datafield ind1=" " ind2=" " tag="042"><subfield code="a">pcc</subfield></datafield><datafield ind1=" " ind2="4" tag="050"><subfield code="a">BX8795.P45</subfield></datafield><datafield ind1="0" ind2="0" tag="245"><subfield code="a">International holiness advocate.</subfield></datafield><datafield ind1=" " ind2=" " tag="260"><subfield code="a">Kingswood Ky. :</subfield><subfield code="b">General Board of Publications of the International Holiness Church,</subfield><subfield code="c">1921-1922.</subfield></datafield><datafield ind1=" " ind2=" " tag="300"><subfield code="a">v.</subfield></datafield><datafield ind1=" " ind2=" " tag="310"><subfield code="a">Weekly,</subfield><subfield code="b">Apr. 13, 1922-&lt;Oct. 19, 1922&gt;</subfield></datafield><datafield ind1=" " ind2=" " tag="321"><subfield code="a">Biweekly,</subfield><subfield code="b">&lt;1921&gt;-Apr. 6, 1922</subfield></datafield><datafield ind1=" " ind2=" " tag="530"><subfield code="a">Also issued on microfilm by American Theological Library Association.</subfield></datafield><datafield ind1=" " ind2=" " tag="550"><subfield code="a">Official organ of: International Holiness Church.</subfield></datafield><datafield ind1=" " ind2=" " tag="588"><subfield code="a">Description based on: Vol. 2, no. 7 (Oct. 20, 1921); title from caption.</subfield></datafield><datafield ind1=" " ind2=" " tag="588"><subfield code="a">Latest issue consulted: Vol. 2, no. 47 (Oct. 19, 1922).</subfield></datafield><datafield ind1=" " ind2="0" tag="650"><subfield code="a">Holiness</subfield><subfield code="v">Newspapers.</subfield></datafield><datafield ind1=" " ind2="7" tag="655"><subfield code="a">Newspapers.</subfield><subfield code="2">fast</subfield><subfield code="0">(OCoLC)fst01423814</subfield></datafield><datafield ind1=" " ind2="7" tag="650"><subfield code="a">Holiness.</subfield><subfield code="2">fast</subfield><subfield code="0">(OCoLC)fst00958754</subfield></datafield><datafield ind1="2" ind2=" " tag="710"><subfield code="a">International Holiness Church.</subfield></datafield><datafield ind1="1" ind2=" " tag="776"><subfield code="c">Microfilm</subfield><subfield code="d">American Theological Library Association</subfield><subfield code="w">(DLC)   00221952</subfield><subfield code="w">(OCoLC)8467329</subfield></datafield><datafield ind1="0" ind2="0" tag="780"><subfield code="t">Inter-national holiness church paper</subfield><subfield code="w">(DLC)   00221949</subfield><subfield code="w">(OCoLC)45355544</subfield></datafield><datafield ind1="0" ind2="0" tag="785"><subfield code="t">Pilgrim holiness advocate</subfield><subfield code="w">(DLC)   00221817</subfield><subfield code="w">(OCoLC)8550400</subfield></datafield></record>